<?xml version="1.0" encoding="UTF-8" ?>
<marc:collection xmlns:marc="http://www.loc.gov/MARC21/slim" 
xmlns:xsi="http://www.w3.org/2001/XMLSchema-instance" 
xsi:schemaLocation="http://www.loc.gov/MARC21/slim 
http://www.loc.gov/standards/marcxml/schema/MARC21slim.xsd">
  <marc:record>
    <marc:leader>00000nam a2200421 c 4500</marc:leader>
    <marc:controlfield tag="007">cr |||||||||||</marc:controlfield>
    <marc:controlfield tag="007">tu</marc:controlfield>
    <marc:controlfield tag="008">      |2017    au      om    ||| |     u</marc:controlfield>
    <marc:datafield tag="040" ind1=" " ind2=" ">
      <marc:subfield code="a">UBG</marc:subfield>
      <marc:subfield code="b">ger</marc:subfield>
      <marc:subfield code="c">VL-WG-UBG</marc:subfield>
      <marc:subfield code="e">rda</marc:subfield>
    </marc:datafield>
    <marc:datafield tag="044" ind1=" " ind2=" ">
      <marc:subfield code="c">XA-AT</marc:subfield>
    </marc:datafield>
    <marc:datafield tag="100" ind1="1" ind2=" ">
      <marc:subfield code="a">Ackerl, Gudrun</marc:subfield>
      <marc:subfield code="4">aut</marc:subfield>
    </marc:datafield>
    <marc:datafield tag="245" ind1="0" ind2="0">
      <marc:subfield code="a">Analyse des bestehenden touristischen Konzepts der Stadt Graz aus der Sicht des Qualitätsmanagements im Hinblick auf mögliche Optimierungspotenziale</marc:subfield>
    </marc:datafield>
    <marc:datafield tag="246" ind1="3" ind2="3">
      <marc:subfield code="a">Analysis of the existing tourism concept of the City of Graz from the point of view of quality management with regard to possible optimization potentials</marc:subfield>
    </marc:datafield>
    <marc:datafield tag="264" ind1=" " ind2="1">
      <marc:subfield code="a">Graz</marc:subfield>
      <marc:subfield code="c">2017</marc:subfield>
    </marc:datafield>
    <marc:datafield tag="336" ind1=" " ind2=" ">
      <marc:subfield code="b">txt</marc:subfield>
    </marc:datafield>
    <marc:datafield tag="337" ind1=" " ind2=" ">
      <marc:subfield code="b">n</marc:subfield>
    </marc:datafield>
    <marc:datafield tag="338" ind1=" " ind2=" ">
      <marc:subfield code="b">nc</marc:subfield>
    </marc:datafield>
    <marc:datafield tag="500" ind1=" " ind2=" ">
      <marc:subfield code="a">Arbeit an der Bibliothek noch nicht eingelangt - Daten nicht geprüft</marc:subfield>
    </marc:datafield>
    <marc:datafield tag="500" ind1=" " ind2=" ">
      <marc:subfield code="a">Abweichender Titel laut Übersetzung des Verfassers/der Verfasserin</marc:subfield>
    </marc:datafield>
    <marc:datafield tag="502" ind1=" " ind2=" ">
      <marc:subfield code="b">Masterarbeit</marc:subfield>
      <marc:subfield code="c">Karl-Franzens-Universität Graz</marc:subfield>
      <marc:subfield code="d">2017</marc:subfield>
    </marc:datafield>
    <marc:datafield tag="520" ind1=" " ind2=" ">
        <marc:subfield code="a">ger: Der Tourismus in der Stadt Graz hat in den letzten Jahren einen enormen Auf-schwung erfahren. Im Zeitraum von 1995 bis 2015 sind die Nächtigungszahlen um über 125% gestiegen. Im Jahr 2014 wurden erstmals mehr als 1 Million Nächtigun-gen in Graz registriert. Für einen wettbewerbsfähigen Tourismus ist der sorgsame Umgang mit ökonomischen, sozialen und ökologischen Ressourcen eine Grundvo-raussetzung. Politik und Gesellschaft erstellen Steuerungsinstrumente in Form von rechtlichen Rahmenbedingungen und  moralischen Regeln.  Die Wirtschaft wiede-rum steuert durch Angebot und Nachfrage. Nachhaltigkeit im Tourismus wird durch intersystemares Handeln im politisch administrativen System geschaffen. Durch das Stadtmarketing, das Varianten von Tourismus-, Kultur- und Event-Marketing einer Stadt vereint, kann u.a. eine erfolgreiche Stadtentwicklung erfolgen. Die Stadt wird als Produkt im Wechselspiel zwischen Angebot und Nachfrage be-trachtet, somit lassen sich auf die Stadt als Unternehmer oder Dienstleister, Marke-ting-Management-Methoden anwenden.Im Unternehmen vollzieht sich ein Management Prozess auf normativer, strategi-scher und operativer Ebene. Die Stadt Graz hat mit ihrer Abteilung für Wirtschafts- und Tourismusentwicklung ein eigenes Ressort als Schnittstelle zwischen Unter-nehmen und Verwaltung, um mehr Wertschöpfung am Standort Graz zu generie-ren, sie ist auch Schnittstelle zwischen Graz Tourismus und Stadtmarketing GmbH und zum Tourismusverband Graz. Im Unternehmen hilft prozessorientiertes Denken, den Qualitätsansprüchen der Kunden gerecht zu werden. Leistungserstellung und Inanspruchnahme erfolgen im Tourismus nach dem uno-actu-Prinzip simultan. Die vorliegende Arbeit stellt eine zu implementierende  Online-Plattform für Graz-Touristinnen und Touristen vor, die mit Bewertungs-, Empfehlungs- und Feedbackfunktionen ein direktes Instrument ist, um Wünsche, Bedürfnisse und Erwartungen der Touristinnen und Touristen zu erkennen und um auf Beschwerden sofort zu reagieren. Damit  ist eine unmittelbare Messung und Darstellung von einer Prozessleistung möglich und Steuerungsmaß-nahmen können direkt eingesetzt werden.</marc:subfield>
    </marc:datafield>
    <marc:datafield tag="520" ind1=" " ind2=" ">
      <marc:subfield code="a">eng: Tourism in the City of Graz has experienced an enormous boom in recent years. In the period from 1995 to 2015, the number of overnight stays increased by over 125%. In 2014, over 1 million over-night stays were recorded in Graz for the first time. Careful management of economic, social and environmental resources is the basic prerequisite for a competitive tourism industry. Politics and society construct control mechanisms in the form of legal frameworks and moral codes. In turn, the economy constructs control mechanisms through supply and demand. Sustainability in tour-ism is achieved through interdepartmental action in the political administration sys-tem.Through city marketing, which brings together various elements of a city’s tourism, culture and event marketing, successful city development can take place. The city is viewed as a commercial product in the interplay between supply and demand. In this way, marketing management methods can be applied to the city in its capacity as a business or service provider.In business, a management process is implemented at normative, strategic and op-erational levels. With the Department for Economic and Tourism Development, the City of Graz has created its own interface between businesses and administration in order to generate more net value in the Graz area. The department also functions as an interface for Graz Tourismus and Stadtmarketing GmbH, and the Graz Tourism Association.Process-oriented thinking helps businesses to fulfil their customers’ quality expecta-tions. In tourism, the creation of services and their utilisation are one simultaneous process, according to the uno-actu-principle. An online platform with rating, recom-mendation and feedback functions is to be implemented as a direct method for iden-tifying the needs, wishes and expectations of Graz’s tourists, and for responding immediately to complaints. This means that a process’s performance can be instant-ly quantified and visualised, and enables policy measures to be introduced without delay.</marc:subfield>
    </marc:datafield>
    <marc:datafield tag="655" ind1=" " ind2="7">
      <marc:subfield code="a">Hochschulschrift</marc:subfield>
      <marc:subfield code="0">(DE-588)4113937-9</marc:subfield>
      <marc:subfield code="2">gnd-content</marc:subfield>
    </marc:datafield>
    <marc:datafield tag="751" ind1=" " ind2=" ">
      <marc:subfield code="a">Graz</marc:subfield>
      <marc:subfield code="0">(DE-588)4021912-4</marc:subfield>
      <marc:subfield code="4">uvp</marc:subfield>
      <marc:subfield code="2">gnd</marc:subfield>
    </marc:datafield>
    <marc:datafield tag="970" ind1="2" ind2=" ">
      <marc:subfield code="d">HS-MASTER</marc:subfield>
    </marc:datafield>
    <marc:datafield tag="971" ind1="1" ind2=" ">
      <marc:subfield code="a">Krickl, Otto</marc:subfield>
    </marc:datafield>
    <marc:datafield tag="971" ind1="3" ind2=" ">
      <marc:subfield code="a">2017-10</marc:subfield>
    </marc:datafield>
    <marc:datafield tag="971" ind1="5" ind2=" ">
      <marc:subfield code="a">Universität Graz</marc:subfield>
      <marc:subfield code="b">UNI for LIFE</marc:subfield>
      <marc:subfield code="c">Institut für Organisation und Institutionenökonomik</marc:subfield>
      <marc:subfield code="0">vls-obvugr-196515</marc:subfield>
    </marc:datafield>
    <marc:datafield tag="971" ind1="7" ind2=" ">
      <marc:subfield code="i">AutorIn stimmte der Freigabe des elektronischen Dokuments nicht zu</marc:subfield>
    </marc:datafield>
    <marc:datafield tag="974" ind1="0" ind2="s">
      <marc:subfield code="F">030</marc:subfield>
      <marc:subfield code="A">a|1urr|||||17</marc:subfield>
    </marc:datafield>
    <marc:datafield tag="974" ind1="0" ind2="s">
      <marc:subfield code="F">050</marc:subfield>
      <marc:subfield code="A">a|a|||||||||||</marc:subfield>
    </marc:datafield>
    <marc:datafield tag="974" ind1="0" ind2="s">
      <marc:subfield code="F">051</marc:subfield>
      <marc:subfield code="A">mu||||||</marc:subfield>
    </marc:datafield>
  </marc:record>
</marc:collection>
